@misc{SciPy,
  Author = {Eric Jones and Travis Oliphant and Pearu Peterson and others},
  Title = {{SciPy}: Open source scientific tools for {Python}},
  Url = {http://www.scipy.org/},
  Year = {2001}
}

@book{BergBook,
  author = "Howard C Berg",
  title = "Random Walks in Biology",
  publisher = "Princeton University Press",
  year = "1993"
}

@book{DillBook,
  author = {Ken A Dill and Sarina Bromberg},
  title = {Molecular Driving Forces},
  publisher = {Garland Science},
  year = {2003}
}

@book{HowardBook,
  author = {Jonathon Howard},
  title = {Mechanics of Motor Proteins and the Cytoskeleton},
  publisher = {Sinauer Associates},
  year = {2001}
}
