% This file was created with JabRef 2.4.2.
% Encoding: UTF8

@ARTICLE{Huxley1957e,
  author = {A. F. Huxley},
  title = {Muscle structure and theories of contraction.},
  journal = {Prog Biophys Biophys Chem},
  year = {1957},
  volume = {7},
  pages = {255--318},
  keywords = {Blood Proteins; Muscles},
  owner = {dave},
  pmid = {13485191},
  timestamp = {2009.06.19}
}

@comment{jabref-meta: selector_journal:}

@comment{jabref-meta: selector_author:}

@comment{jabref-meta: selector_keywords:}

@comment{jabref-meta: selector_publisher:}

